<?xml version="1.0" encoding="UTF-8"?><collection xmlns="http://www.loc.gov/MARC21/slim"><record><leader>00523nam--2200193-u-4500</leader><controlfield tag="001">000055610</controlfield><controlfield tag="002">20161230</controlfield><controlfield tag="005">20170106180104</controlfield><controlfield tag="008">130228s1000------------r-----000-0-eng-d</controlfield><datafield ind1=" " ind2=" " tag="040"><subfield code="a">IFIN-HH</subfield></datafield><datafield ind1=" " ind2=" " tag="080"><subfield code="a">413.232=R=M</subfield></datafield><datafield ind1="1" ind2=" " tag="100"><subfield code="a">Kelemen, B©♭la</subfield></datafield><datafield ind1="1" ind2="0" tag="245"><subfield code="a">Dictionar roman-maghiar</subfield><subfield code="b">Rom©Łn-magyar sz©đt©Łr</subfield><subfield code="c">B©♭la Kelemen</subfield></datafield><datafield ind1=" " ind2=" " tag="260"><subfield code="a">Bucuresti</subfield><subfield code="b">Editura Academiei Rpr</subfield><subfield code="c">1964</subfield></datafield><datafield ind1=" " ind2=" " tag="300"><subfield code="a">2 vol</subfield></datafield><datafield ind1="1" ind2=" " tag="786"><subfield code="a">Vol. II. M-z</subfield><subfield code="h">847p</subfield></datafield><datafield ind1="1" ind2=" " tag="787"><subfield code="a">Vol. I. A-l</subfield><subfield code="h">743p</subfield></datafield><datafield ind1=" " ind2=" " tag="852"><subfield code="a">D.329</subfield><subfield code="c">SLCH</subfield></datafield><datafield ind1=" " ind2=" " tag="CAT"><subfield code="a">SYS</subfield><subfield code="c">20170106</subfield><subfield code="h">180104</subfield></datafield></record></collection>